@article{coventry2020emerging,
  title     = {Emerging cybersecurity challenges in the healthcare industry: a comprehensive review},
  author    = {Coventry, L. and Branley, D.},
  journal   = {IEEE Transactions on Information Forensics and Security},
  volume    = {15},
  pages     = {2472--2485},
  year      = {2020},
  publisher = {IEEE}
}

@article{martin2021healthcare,
  title     = {Healthcare cybersecurity: the increasing risks of connected medical devices},
  author    = {Martin, G. and Ghafur, S. and Kinross, J. and Hankin, C. and Darzi, A.},
  journal   = {Nature Digital Medicine},
  volume    = {4},
  number    = {1},
  pages     = {1--8},
  year      = {2021},
  publisher = {Nature Publishing Group}
}

@techreport{nist2018framework,
  title       = {Framework for improving critical infrastructure cybersecurity},
  author      = {{National Institute of Standards and Technology}},
  institution = {NIST},
  year        = {2018},
  number      = {Version 1.1}
}

@article{kruse2017cybersecurity,
  title     = {Cybersecurity in hospitals: a systematic review},
  author    = {Kruse, C.S. and Frederick, B. and Jacobson, T. and Monticone, D.K.},
  journal   = {Journal of Medical Internet Research},
  volume    = {19},
  number    = {4},
  pages     = {e140},
  year      = {2017},
  publisher = {JMIR Publications Inc.}
}

@inproceedings{papoutsis2018siem,
  title     = {SIEM use case design: A healthcare organization perspective},
  author    = {Papoutsis, C. and Kokolakis, S.},
  booktitle = {Proceedings of the 13th International Conference on Availability, Reliability and Security},
  pages     = {1--10},
  year      = {2018}
}

@article{dameff2019medical,
  title     = {Medical device cybersecurity: current state and future directions},
  author    = {Dameff, C. and Selzer, J. and Fisher, J. and Kilbourne, A. and Richter, J.},
  journal   = {Critical Care Medicine},
  volume    = {47},
  number    = {10},
  pages     = {1453--1459},
  year      = {2019},
  publisher = {Wolters Kluwer}
}

@techreport{ponemon2021cost,
  title       = {Cost of a data breach report 2021: Healthcare industry analysis},
  author      = {{Ponemon Institute}},
  institution = {IBM Security},
  year        = {2021}
}

@article{argaw2020cybersecurity,
  title     = {Cybersecurity of hospitals: discussing the challenges and working towards mitigating the risks},
  author    = {Argaw, S.T. and Troncoso-Pastoriza, J.R. and Lacey, D. and Florin, M.V. and Calcavecchia, F. and Anderson, D. and Burleson, W. and Vogel, J.M. and O'Leary, C. and Eshaya-Chauvin, B. and others},
  journal   = {BMC Medical Informatics and Decision Making},
  volume    = {20},
  number    = {1},
  pages     = {1--10},
  year      = {2020},
  publisher = {Springer}
}

@inproceedings{heartfield2018taxonomy,
  title     = {A taxonomy of cyber-physical threats and impact in the smart home},
  author    = {Heartfield, R. and Loukas, G. and Budimir, S. and Bezemskij, A. and Fontaine, J.R. and Filippoupolitis, A. and Roesch, E.},
  booktitle = {Computers \& Security},
  volume    = {78},
  pages     = {398--428},
  year      = {2018},
  publisher = {Elsevier}
}

@article{yeng2022cyber,
  title     = {Cyber security challenges in IoT-based smart renewable energy},
  author    = {Yeng, P. and Yang, B. and Sneha, A. and Liang, B.},
  journal   = {IEEE Access},
  volume    = {10},
  pages     = {25773--25792},
  year      = {2022},
  publisher = {IEEE}
}

@techreport{mitre2021attack,
  title       = {MITRE ATT\&CK for Industrial Control Systems},
  author      = {{MITRE Corporation}},
  institution = {MITRE},
  year        = {2021},
  url         = {https://attack.mitre.org/}
}

@article{li2021soar,
  title     = {Security orchestration, automation and response (SOAR): A systematic literature review},
  author    = {Li, J. and Zhao, L. and Ye, D. and Zhang, W. and Luo, L.},
  journal   = {Computers \& Security},
  volume    = {108},
  pages     = {102338},
  year      = {2021},
  publisher = {Elsevier}
}

@inproceedings{stellios2018assessing,
  title     = {Assessing IoT enabled cyber-physical attack paths against critical systems},
  author    = {Stellios, I. and Kotzanikolaou, P. and Psarakis, M. and Alcaraz, C. and Lopez, J.},
  booktitle = {Computers \& Security},
  volume    = {73},
  pages     = {549--563},
  year      = {2018},
  publisher = {Elsevier}
}

@techreport{hhs2021hph,
  title       = {Healthcare and Public Health Sector Cybersecurity Framework Implementation Guidance},
  author      = {{U.S. Department of Health and Human Services}},
  institution = {HHS},
  year        = {2021}
}

@article{wang2021machine,
  title     = {Machine learning approaches for network anomaly detection in healthcare IoT},
  author    = {Wang, M. and Zheng, K. and Yang, Y. and Wang, X.},
  journal   = {IEEE Internet of Things Journal},
  volume    = {8},
  number    = {12},
  pages     = {9810--9824},
  year      = {2021},
  publisher = {IEEE}
}

@inproceedings{nurse2017understanding,
  title        = {Understanding insider threat: A framework for characterising attacks},
  author       = {Nurse, J.R. and Buckley, O. and Legg, P.A. and Goldsmith, M. and Creese, S. and Wright, G.R. and Whitty, M.},
  booktitle    = {Proceedings of the 2014 IEEE Security and Privacy Workshops},
  pages        = {214--228},
  year         = {2017},
  organization = {IEEE}
}

@article{alsaadi2021systematic,
  title     = {A systematic review of SIEM technology},
  author    = {Alsaadi, A. and Almomani, A. and Ahmad, J.},
  journal   = {IEEE Access},
  volume    = {9},
  pages     = {140671--140689},
  year      = {2021},
  publisher = {IEEE}
}

@techreport{cisa2021ransomware,
  title       = {Ransomware Guide},
  author      = {Cybersecurity and Infrastructure Security Agency},
  institution = {CISA},
  year        = {2021},
  url         = {https://www.cisa.gov/ransomware}
}

@article{buczak2016survey,
  title     = {A survey of data mining and machine learning methods for cyber security intrusion detection},
  author    = {Buczak, A.L. and Guven, E.},
  journal   = {IEEE Communications Surveys \& Tutorials},
  volume    = {18},
  number    = {2},
  pages     = {1153--1176},
  year      = {2016},
  publisher = {IEEE}
}

@inproceedings{xiong2022federated,
  title        = {Federated learning for cybersecurity: Concepts, challenges, and future directions},
  author       = {Xiong, Z. and Cai, Z. and Takabi, D. and Li, W.},
  booktitle    = {IEEE Computer},
  volume       = {55},
  number       = {12},
  pages        = {56--66},
  year         = {2022},
  organization = {IEEE}
}

@article{kumar2023explainable,
  title     = {Explainable artificial intelligence for cybersecurity: A comprehensive survey},
  author    = {Kumar, S. and Abdullah, A. and Siau, N.Z. and Lim, W.L.},
  journal   = {Computers \& Security},
  volume    = {124},
  pages     = {103015},
  year      = {2023},
  publisher = {Elsevier}
}
